%% LaTeX2e file `biblio.bib'
%% generated by the `filecontents' environment
%% from source `CLaTeX' on 2012/02/08.
%%

@Article{paper-uibk,
  author = 	 {G.~Moser and M.~Schaper},
  title = 	 {A Complexity Preserving Transformation from Jinja Bytecode 
to Rewrite Systems},
  journal = 	 {CoRR, cs/PL/1204.1568},
  year = 	 {2012},
  OPTannote = 	 {}
}

@article{klein-nipkow,
  author    = {G.~Klein and
               T-~Nipkow},
  title     = {A Machine-Checked Model for a Java-Like Language, Virtual
               Machine, and Compiler},
  journal   = {ACM Trans. Program. Lang. Syst.},
  volume    = {28},
  number    = {4},
  year      = {2006},
  pages     = {619-695},
}

@inproceedings{aachen1,
  author    = {C.~Otto and
               M.~Brockschmidt and
               C.~v.~Essen and
               J.~Giesl},
  title     = {Automated Termination Analysis of {Java} Bytecode by Term
               Rewriting},
  booktitle = {Proc.\ of 21th RTA},
  year      = {2010},
  pages     = {259-276},
}

@TechReport{aachen2,
  author =       {C.~Otto and
               M.~Brockschmidt and
               C.~v.~Essen and
               J.~Giesl},
  title =        {Automated Termination Analysis of Java Bytecode by Term Rewriting},
  institution =  {Department of Computer Science},
  year =         {2010},
  number =       {AIB-2010-08},
}

@inproceedings{aachen3,
  author    = {M.~Brockschmidt and
               C.~Otto and
               C.~von Essen and
               J.~Giesl},
  title     = {{T}ermination {G}raphs for {J}ava {B}ytecode},
  booktitle = {Verification, Induction, Termination Analysis},
  year      = {2010},
  pages     = {17-37},
  series    = lncs,
  volume    = 6463
}

